@misc{gielda,
title = "Gie{\l}da - {W}ikipedia{,} The Free Encyclopedia",
howpublished = "\url{https://pl.wikipedia.org/wiki/Giełda}"
}

@misc{badania13,
author = "Pawe{\l} Biedrzycki",
title = "Wyniki badania: czynniki sukcesu na giełdzie",
year = "2013",
howpublished = "\url{https://strefainwestorow.pl/wykres_tygodnia/wyniki_badania_czynniki_sukcesu_na_gieldzie}"
}

@misc{sym11,
author = "Krzysztof Go{\l}dy",
title = "Inwestowanie na giełdzie dla początkujących",
year = "2011",
howpublished = "\url{https://www.bankier.pl/wiadomosc/Inwestowanie-na-gieldzie-dla-poczatkujacych-2324631.html}"
}